<collection xmlns="http://www.loc.gov/MARC21/slim">
<record>
  <leader>00411dam a2200121 i 4500</leader>
  <controlfield tag="001">19754232</controlfield>
  <controlfield tag="005">20200102091622.0</controlfield>
  <controlfield tag="008">170622b        ilua          000 0 eng  </controlfield>
  <datafield tag="906" ind1=" " ind2=" ">
    <subfield code="a">0</subfield>
    <subfield code="b">und</subfield>
    <subfield code="c">undeter</subfield>
    <subfield code="d">u</subfield>
    <subfield code="e">ncip</subfield>
    <subfield code="f">20</subfield>
    <subfield code="g">y-gencatlg</subfield>
  </datafield>
  <datafield tag="955" ind1=" " ind2=" ">
    <subfield code="a">cd04 2017-06-22 created classification number and updated authority record with 053</subfield>
  </datafield>
  <datafield tag="050" ind1="1" ind2="0">
    <subfield code="a">PJ5055.23.A527</subfield>
  </datafield>
  <datafield tag="100" ind1="1" ind2=" ">
    <subfield code="a">Hanan, Eytan</subfield>
  </datafield>
  <datafield tag="245" ind1="0" ind2="0">
    <subfield code="a">Classification number reserved for Hanan, Eytan.</subfield>
  </datafield>
</record>