
<record>
  <leader>00331dam a22001093a 4500</leader>
  <controlfield tag="001">18698483</controlfield>
  <controlfield tag="005">20200102122406.0</controlfield>
  <controlfield tag="008">000313|xxxx    |||          |||| |||||| </controlfield>
  <datafield tag="906" ind1=" " ind2=" ">
    <subfield code="a">0</subfield>
    <subfield code="b">und</subfield>
    <subfield code="c">undeter</subfield>
    <subfield code="d">u</subfield>
    <subfield code="e">ncip</subfield>
    <subfield code="f">20</subfield>
    <subfield code="g">y-gencatlg</subfield>
  </datafield>
  <datafield tag="050" ind1="1" ind2="0">
    <subfield code="a">PS3619.O4373+</subfield>
  </datafield>
  <datafield tag="100" ind1="1" ind2=" ">
    <subfield code="a">Solonche, J. R.,</subfield>
    <subfield code="d">1946-</subfield>
  </datafield>
  <datafield tag="245" ind1="0" ind2="0">
    <subfield code="a">Classification number reserved for Solonche, J. R., 1946-.</subfield>
  </datafield>
</record>